% Preface all labels with your initials, as in the example below.

@article {PDBM:Heroux05,
    author = {{{Michael A. Heroux and Roscoe A. Bartlett and Vicki E. Howle and Robert J. Hoekstra and Jonathan J. Hu and Tamara G. Kolda and Richard B. Lehoucq and Kevin R. Long and Roger P. Pawlowski and Eric T. Phipps and Andrew G. Salinger and Heidi K. Thornquist and Ray S. Tuminaro and James M. Willenbring and Alan Williams and Kendall S. Stanley}}},
    title = {{An Overview of the Trilinos Project}},
    journal = {ACM Trans. Math. Softw.},
    volume = {31},
    number = {3},
    year = {2005},
    month = sep,
    issn = {0098-3500},
    pages = {397--423},
    doi = {http://doi.acm.org/10.1145/1089014.1089021},
    publisher = {ACM Press},
    address = {New York, NY, USA},
    keywords = {Software Quality Engineering, Software framework, interfaces},
}

@book {PDBM:Ciarlet02,
    author = {{Philippe G. Ciarlet}},
    title = {{Finite Element Method for Elliptic Problems}},
    publisher = {Society for Industrial and Applied Mathematics},
    year = {2002},
    address = {Philadelphia, PA, USA},
    isbn = {0898715148},
}

@book {PDBM:Constantine14,
    author = {{Constantine Pozrikidis}},
    title = {{Introduction to Finite and Spectral Element Methods Using MATLAB, Second Edition}},
    publisher = {Chapman and Hall/CRC},
    year = {2014},
    address = {Boca Raton, FL, USA},
    isbn = {1482209152}
}

@book {PDBM:Hutton03,
    author = {{David V. Hutton}},
    title = {{Fundamentals of Finite Element Analysis}},
    publisher = {Tata McGraw Hill India},
    year = {2003},
    isbn = {0070601224}
}

@article {PDBM:Subbaraj89,
    author = {{K. Subbaraj and M.A. Dokainish}},
    title = {{A Survey of Direct Time-Integration Methods in Computational Structural Dynamics-II: Implicit Methods}},
    journal = {Computers \& Structures},
    volume = {32},
    number = {6},
    pages = {1387-1401},
    year = {1989},
    issn = {0045-7949},
    doi = {http://dx.doi.org/10.1016/0045-7949(89)90315-5}
}

@article {PDBM:Dokainish89,
    author = {{M.A. Dokainish and K. Subbaraj}},
    title = {{A Survey of Direct Time-Integration Methods in Computational Structural Dynamics-{I}: Explicit Methods}},
    journal = {Computers \& Structures},
    volume = {32},
    number = {6},
    pages = {1371-1386},
    year = {1989},
    issn = {0045-7949},
    doi = {http://dx.doi.org/10.1016/0045-7949(89)90314-3},
}

@article {PDBM:Nickolls08,
    author = {{John Nickolls and Ian Buck and Michael Garland and Kevin Skadron}},
    title = {{Scalable Parallel Programming with CUDA}},
    journal = {Queue},
    issue_date = {March/April 2008},
    volume = {6},
    number = {2},
    month = {March},
    year = {2008},
    issn = {1542-7730},
    pages = {40--53},
    numpages = {14},
    url = {http://doi.acm.org/10.1145/1365490.1365500},
    doi = {10.1145/1365490.1365500},
    acmid = {1365500},
    publisher = {ACM},
    address = {New York, NY, USA},
}

@inproceedings {PDBM:Wienke12,
    author = {{Sandra Wienke and Paul Springer and Christian Terboven and an Mey, Dieter}},
    title = {{OpenACC: First Experiences with Real-World Applications}},
    booktitle = {Proceedings of the 18th International Conference on Parallel Processing},
    series = {Euro-Par'12},
    year = {2012},
    isbn = {978-3-642-32819-0},
    location = {Rhodes Island, Greece},
    pages = {859--870},
    numpages = {12},
    url = {http://dx.doi.org/10.1007/978-3-642-32820-6_85},
    doi = {10.1007/978-3-642-32820-6_85},
    acmid = {2402522},
    publisher = {Springer-Verlag},
    address = {Berlin, Heidelberg},
}

@misc {PDBM:OpenMP15,
    author = {{OpenMP Architecture Review Board}},
    title = {{OpenMP Application Program Interface Version 4.5}},
    month = {November},
    year = {2015},
    url = {http://www.openmp.org/mp-documents/openmp-4.5.pdf}
}

@article {PDBM:Moreland16,
    author = {{Keneth Moreland and Christopher Sewell and William Usher and Li-ta Lo and Jeremy Meredith and David Pugmire and James Kress and Hendrik Schroots and Kwan-Liu Ma and Hank Childs and Matthew Larsen and Chun-Ming Chen and Robert Maynard and Berk Geveci}},
    title = {{VTK-m: Accelerating the Visualization Toolkit for Massively Threaded Architectures}},
    journal = {IEEE Computer Graphics and Applications},
    year = {2016},
    volume = {36},
    number = {3},
    pages = {48-58},
    doi = {10.1109/MCG.2016.48},
    issn = {0272-1716},
    month = {May}
}

@inproceedings {PDBM:Kloeckner14,
    author = {{Andreas Kl{\"o}ckner}},
    title = {{Loo.py: Transformation-Based Code-Generation for GPUs and CPUs}},
    booktitle = {Proceedings of ARRAY `14: ACM SIGPLAN Workshop on Libraries, Languages, and Compilers for Array Programming},
    year = 2014,
    publisher = {Association for Computing Machinery},
    address = {Edinburgh, Scotland.},
    doi = {10.1145/2627373.2627387},
}

@book {PDBM:Hesthaven08,
    author = {{Jan S. Heasthaven and Tim Warburton}},
    title = {{Nodal Discontinuous Galerkin Methods: Algorithms, Analysis, and Applications}},
    publisher = {Springer-Verlag New York},
    year = {2008},
    address = {},
    isbn = {0387720650}
}

@unpublished {PDBM:Collis,
    author = {{Scott Collis}},
    title = {{{DGM}}},
    note = {For more information contact sscoll@sandia.gov},
}

@inproceedings {PDBM:Edwards13,
    author = {{H. Carter Edwards and Christian R. Trott}},
    title = {Kokkos: Enabling Performance Portability Across Manycore Architectures},
    booktitle = {{2013 Extreme Scaling Workshop (xsw 2013)}},
    year = {2013},
    pages = {18-24},
    doi = {10.1109/XSW.2013.7},
    issn = {2381-1986},
    month = {Aug}
}
